<?xml version="1.0" encoding="UTF-8"?><collection xmlns="http://www.loc.gov/MARC21/slim"><record><leader>00366nam--2200133-i-4500</leader><controlfield tag="001">000013421</controlfield><controlfield tag="002">20161230</controlfield><controlfield tag="005">20161230201030</controlfield><controlfield tag="008">060222s1000------------r-----000-0-eng-d</controlfield><datafield ind1=" " ind2=" " tag="100"><subfield code="a">Crocus</subfield></datafield><datafield ind1=" " ind2=" " tag="245"><subfield code="a">Systemes d exploitation des ordinateurs. principes de conception</subfield></datafield><datafield ind1=" " ind2=" " tag="260"><subfield code="a">Paris, Bordas, 1975</subfield></datafield><datafield ind1=" " ind2=" " tag="490"><subfield code="a">Dunod Informatique. Phase Specialite</subfield></datafield><datafield ind1=" " ind2=" " tag="852"><subfield code="a">681.324</subfield></datafield></record></collection>